@article{ryan1981rn,
  title={Rn integer programming approach to scheduling},
  author={Ryan, DM and Foster, EA},
  year={1981}
}

@article{vance1994solving,
	title={Solving binary cutting stock problems by column generation and branch-and-bound},
	author={Vance, Pamela H and Barnhart, Cynthia and Johnson, Ellis L and Nemhauser, George L},
	journal={Computational optimization and applications},
	volume={3},
	number={2},
	pages={111--130},
	year={1994},
	publisher={Springer}
}

@article{toth1980dynamic,
	title={Dynamic programming algorithms for the zero-one knapsack problem},
	author={Toth, Paolo},
	journal={Computing},
	volume={25},
	number={1},
	pages={29--45},
	year={1980},
	publisher={Springer}
}

@article{sadykov2013bin,
	title={Bin packing with conflicts: a generic branch-and-price algorithm},
	author={Sadykov, Ruslan and Vanderbeck, Fran{\c{c}}ois},
	journal={INFORMS Journal on Computing},
	volume={25},
	number={2},
	pages={244--255},
	year={2013},
	publisher={INFORMS}
}

@inproceedings{bhatia2009better,
	title={Better-fit heuristic for one-dimensional bin-packing problem},
	author={Bhatia, AK and Hazra, M and Basu, SK},
	booktitle={2009 IEEE International Advance Computing Conference},
	pages={193--196},
	year={2009},
	organization={IEEE}
}

@phdthesis{johnson1973near,
	title={Near-optimal bin packing algorithms},
	author={Johnson, David S},
	year={1973},
	school={Massachusetts Institute of Technology}
}

@inproceedings{dosa2013first,
	title={First Fit bin packing: A tight analysis},
	author={Dosa, Gyorgy and Sgall, Jiri},
	booktitle={30th International Symposium on Theoretical Aspects of Computer Science (STACS 2013)},
	year={2013},
	organization={Schloss Dagstuhl-Leibniz-Zentrum fuer Informatik}
}

@inproceedings{dosa2014optimal,
	title={Optimal analysis of Best Fit bin packing},
	author={Dosa, Gyorgy and Sgall, Jiri},
	booktitle={International Colloquium on Automata, Languages, and Programming},
	pages={429--441},
	year={2014},
	organization={Springer}
}
